@article{wilson2016software,
  title={Software Carpentry: lessons learned},
  author={Wilson, Greg},
  journal={F1000Research},
  volume={3},
  year={2016}
}



@MISC{Bransford2000-lu,
  title     = "How people learn",
  author    = "Bransford, John D and Brown, Ann L and Cocking, Rodney R and
               {Others}",
  abstract  = "Unless otherwise indicated, all materials in this PDF File
               provided by the National Academies Press (www. nap. edu) for
               research purposes are copyrighted by the National Academy of
               Sciences. Distribution, posting, or copying is strictly
               prohibited without written ...",
  publisher = "Washington, DC: National Academy Press",
  year      =  2000
}


@MISC{Papert1980-fh,
  title     = "Mindstorms. {NY}",
  author    = "Papert, Seymour",
  publisher = "Basic Books",
  year      =  1980
}
